@incollection{sullivan,
	title     = {Curves of finite total curvature},
	author    = {Sullivan, John M},
	booktitle = {Discrete differential geometry},
	journal   = {arXiv: Geometric Topology},
	pages     = {137--161},
	year      = {2008},
	publisher = {Springer},
	url       = {https://arxiv.org/abs/math/0606007v2}
}